<?xml version="1.0" encoding="UTF-8"?><collection xmlns="http://www.loc.gov/MARC21/slim"><record><leader>00408nam--2200133-i-4500</leader><controlfield tag="001">000043545</controlfield><controlfield tag="002">20161230</controlfield><controlfield tag="005">20161230201044</controlfield><controlfield tag="008">060222s1000------------r-----000-0-eng-d</controlfield><datafield ind1=" " ind2=" " tag="080"><subfield code="a">621.391(043)</subfield></datafield><datafield ind1=" " ind2=" " tag="100"><subfield code="a">Tahami,Reza</subfield></datafield><datafield ind1=" " ind2=" " tag="245"><subfield code="a">Contribution a l`etude de la generation et de la caracterisation de signaux aleatoires et pseudo-aleatoires en hf. these</subfield></datafield><datafield ind1=" " ind2=" " tag="260"><subfield code="a">Paris, L`Univ.,1978. 198 P</subfield></datafield><datafield ind1=" " ind2=" " tag="852"><subfield code="a">46855</subfield></datafield></record></collection>